<?xml version="1.0" encoding="UTF-8"?><record xmlns="http://www.loc.gov/MARC21/slim" xmlns:cinclude="http://apache.org/cocoon/include/1.0" xmlns:zs="http://www.loc.gov/zing/srw/">
  <leader>01062cz  a2200193n  4500</leader>
  <controlfield tag="001">n  82071382 </controlfield>
  <controlfield tag="003">DLC</controlfield>
  <controlfield tag="005">20021017102640.0</controlfield>
  <controlfield tag="008">820520n| acannaab           |a aaa      </controlfield>
  <datafield tag="010" ind1=" " ind2=" ">
    <subfield code="a">n  82071382 </subfield>
    <subfield code="z">n  82002187 </subfield>
    <subfield code="z">n  85157080 </subfield>
  </datafield>
  <datafield tag="040" ind1=" " ind2=" ">
    <subfield code="a">DLC</subfield>
    <subfield code="c">DLC</subfield>
    <subfield code="d">DLC</subfield>
  </datafield>
  <datafield tag="100" ind1="1" ind2=" ">
    <subfield code="a">Goodland, Robert J. A.,</subfield>
    <subfield code="d">1939-</subfield>
  </datafield>
  <datafield tag="400" ind1="1" ind2=" ">
    <subfield code="a">Goodland, R.</subfield>
    <subfield code="q">(Robert),</subfield>
    <subfield code="d">1939-</subfield>
  </datafield>
  <datafield tag="400" ind1="1" ind2=" ">
    <subfield code="a">Goodland, Roberto,</subfield>
    <subfield code="d">1939-</subfield>
  </datafield>
  <datafield tag="670" ind1=" " ind2=" ">
    <subfield code="a">His Economic development and tribal peoples, c1982:</subfield>
    <subfield code="b">CIP verso t.p. (Robert J. Goodland) data sheet (b. 9/26/39) book p. iv (Robert Goodland)</subfield>
  </datafield>
  <datafield tag="670" ind1=" " ind2=" ">
    <subfield code="a">His Environ. management in tropical agric., 1983:</subfield>
    <subfield code="b">t.p. (Robert J. A. Goodland)</subfield>
  </datafield>
  <datafield tag="670" ind1=" " ind2=" ">
    <subfield code="a">LC data base, 11/19/83</subfield>
    <subfield code="b">(usage: R. Goodland; Robert J. Goodland; Robert Goodland; Robert J. A. Goodland; Roberto Goodland; R. J. A. Goodland)</subfield>
  </datafield>
  <datafield tag="670" ind1=" " ind2=" ">
    <subfield code="a">His The management of cultural property ... 1987:</subfield>
    <subfield code="b">CIP t.p. (Robert Goodland) data sheet (b. 9/26/45)</subfield>
  </datafield>
  <datafield tag="670" ind1=" " ind2=" ">
    <subfield code="a">Context Web site, Oct. 17, 2002</subfield>
    <subfield code="b">(Robert Goodland, an advisor to the Environment Department of the World Bank and a writer on tropical ecology)</subfield>
  </datafield>
</record>